<?xml version="1.0" encoding="UTF-8"?><collection xmlns="http://www.loc.gov/MARC21/slim"><record><leader>00645nam--2200217-u-4500</leader><controlfield tag="001">000052060</controlfield><controlfield tag="002">20161230</controlfield><controlfield tag="005">20161230201049</controlfield><controlfield tag="008">090611s1000------------r-----000-0-eng-d</controlfield><datafield ind1=" " ind2=" " tag="020"><subfield code="a">0-8218-1919-4</subfield></datafield><datafield ind1=" " ind2=" " tag="040"><subfield code="a">IFIN-HH</subfield></datafield><datafield ind1=" " ind2=" " tag="080"><subfield code="a">517.957</subfield></datafield><datafield ind1="1" ind2=" " tag="100"><subfield code="a">Bourgain,J</subfield></datafield><datafield ind1="1" ind2=" " tag="245"><subfield code="a">Global Solutions of Nonlinear Schrodinger Equations</subfield></datafield><datafield ind1=" " ind2=" " tag="260"><subfield code="a">Providence</subfield><subfield code="b">American Mathematical Society</subfield><subfield code="c">1999</subfield></datafield><datafield ind1=" " ind2=" " tag="300"><subfield code="a">181 p</subfield></datafield><datafield ind1=" " ind2=" " tag="490"><subfield code="a">American Mathematical Society. Colloquim Publications</subfield></datafield><datafield ind1=" " ind2=" " tag="504"><subfield code="a">Includes Bibliographical References and Index</subfield></datafield><datafield ind1=" " ind2="4" tag="650"><subfield code="a">Schrodinger Equations</subfield></datafield><datafield ind1=" " ind2=" " tag="852"><subfield code="a">81559</subfield><subfield code="c">517.9</subfield></datafield><datafield ind1=" " ind2=" " tag="CAT"><subfield code="a">Sys</subfield><subfield code="c">20090611</subfield><subfield code="h">103413</subfield></datafield></record></collection>